@BOOK{hahn2018molecular,
  title     = "Molecular Population Genetics",
  publisher = "Oxford University Press",
  author    = "Hahn, Matthew William",
  year      =  2018,
  address   = "New York, NY"
}

@book{wakeley2005coalescent,
  address = {Greenwood Village, CO},
  author = {Wakeley, John},
  publisher = {Roberts and Company},
  title = {Coalescent Theory, an Introduction},
  year = 2005
}

@misc{lewanski2023era,
      title={The era of the ARG: an empiricist's guide to ancestral recombination graphs}, 
      author={Alexander L. Lewanski and Michael C. Grundler and Gideon S. Bradburd},
      year={2023},
      eprint={2310.12070},
      archivePrefix={arXiv},
      primaryClass={q-bio.PE},
      doi={10.48550/arXiv.2310.12070}
}

@article{griffiths1997progress,
  title={Progress in population genetics and human evolution},
  author={Griffiths, Robert C and Marjoram, Paul and Donnelly, P and Tavar{\'e}, S},
  journal={Progress in Population Genetics and Human Evolution},
  volume={87},
  pages={257},
  year={1997}
}

@article{ralph2020efficiently,
  title={Efficiently summarizing relationships in large samples: a general duality between statistics of genealogies and genomes},
  author={Ralph, Peter and Thornton, Kevin and Kelleher, Jerome},
  journal={Genetics},
  volume={215},
  number={3},
  pages={779--797},
  year={2020},
  publisher={Oxford University Press},
  doi={10.1534/genetics.120.303253}
}

@article{mathieson_what_2020,
	title = {What is ancestry?},
	volume = {16},
	issn = {1553-7404},
	doi = {10.1371/journal.pgen.1008624},
	number = {3},
	journal = {PLOS Genetics},
	author = {Mathieson, Iain and Scally, Aylwyn},
	month = mar,
	year = {2020},
	pages = {e1008624}
}

@article{hayman2023recoverability,
  title={Recoverability of ancestral recombination graph topologies},
  author={Hayman, Elizabeth and Ignatieva, Anastasia and Hein, Jotun},
  journal={Theoretical Population Biology},
  volume={154},
  pages={27--39},
  year={2023},
  publisher={Elsevier},
  doi={10.1016/j.tpb.2023.07.004}
}

@article{hubisz2020inference,
  title={Inference of ancestral recombination graphs using ARGweaver},
  author={Hubisz, Melissa and Siepel, Adam},
  journal={Statistical population genomics},
  pages={231--266},
  year={2020},
  publisher={Springer US},
  doi={10.1007/978-1-0716-0199-0_10}
}