@book{gould1989wonderful,
  title={Wonderful life: the Burgess Shale and the nature of history},
  author={Gould, Stephen Jay},
  year={1989},
  publisher={WW Norton \& Company}
}

@article{blount2018contingency,
  title={Contingency and determinism in evolution: Replaying lifeâ€™s tape},
  author={Blount, Zachary D and Lenski, Richard E and Losos, Jonathan B},
  doi={10.1126/science.aam5979},
  journal={Science},
  volume={362},
  number={6415},
  pages={eaam5979},
  year={2018},
  publisher={American Association for the Advancement of Science}
}

@article{grant2002unpredictable,
  title={Unpredictable evolution in a 30-year study of Darwin's finches},
  author={Grant, Peter R and Grant, B Rosemary},
  doi={10.1126/science.1070315},
  journal={Science},
  volume={296},
  number={5568},
  pages={707--711},
  year={2002},
  publisher={American Association for the Advancement of Science}
}

@article{mahler2013exceptional,
    author={D. Luke Mahler  and Travis Ingram  and Liam J. Revell  and Jonathan B. Losos },
    title = {Exceptional Convergence on the Macroevolutionary Landscape in Island Lizard Radiations},
    journal = {Science},
    volume = {341},
    number = {6143},
    pages = {292-295},
    year = {2013},
    doi = {10.1126/science.1232392}
}

@article{roff1994evolution,
  title={The evolution of flightlessness: is history important?},
  author={Roff, Derek A},
  doi={10.1007/BF01237847},
  journal={Evolutionary Ecology},
  volume={8},
  pages={639--657},
  year={1994},
  publisher={Springer}
}

@article{wright2016predictable,
  title={Predictable evolution toward flightlessness in volant island birds},
  author={Wright, Natalie A and Steadman, David W and Witt, Christopher C},
  doi={10.1073/pnas.1522931113},
  journal={Proceedings of the National Academy of Sciences},
  volume={113},
  number={17},
  pages={4765--4770},
  year={2016},
  publisher={National Acad Sciences}
}

@article{mundy2005window,
  title={A window on the genetics of evolution: MC1R and plumage colouration in birds},
  author={Mundy, Nicholas I},
  doi={10.1098/rspb.2005.3107},
  journal={Proceedings of the Royal Society B: Biological Sciences},
  volume={272},
  number={1573},
  pages={1633--1640},
  year={2005},
  publisher={The Royal Society London}
}

@article{theron2001molecular,
  title={The molecular basis of an avian plumage polymorphism in the wild: a melanocortin-1-receptor point mutation is perfectly associated with the melanic plumage morph of the bananaquit, Coereba flaveola},
  author={Theron, Emmalize and Hawkins, Kim and Bermingham, Eldredge and Ricklefs, Robert E and Mundy, Nicholas I},
  doi={10.1016/S0960-9822(01)00158-0},
  journal={Current Biology},
  volume={11},
  number={8},
  pages={550--557},
  year={2001},
  publisher={Elsevier}
}

@article{uy2016mutations,
  title={Mutations in different pigmentation genes are associated with parallel melanism in island flycatchers},
  author={Uy, J Albert C and Cooper, Elizabeth A and Cutie, Stephen and Concannon, Moira R and Poelstra, Jelmer W and Moyle, Robert G and Filardi, Christopher E},
  doi={10.1098/rspb.2016.0731},
  journal={Proceedings of the Royal Society B: Biological Sciences},
  volume={283},
  number={1834},
  pages={20160731},
  year={2016},
  publisher={The Royal Society}
}

@article{walsh2021patterns,
  title={Patterns of genetic divergence and demographic history shed light on island-mainland population dynamics and melanic plumage evolution in the white-winged Fairywren},
  author={Walsh, Jennifer and Campagna, Leonardo and Feeney, William E and King, Jacinta and Webster, Michael S},
  doi={10.1111/evo.14185},
  journal={Evolution},
  volume={75},
  number={6},
  pages={1348--1360},
  year={2021},
  publisher={Blackwell Publishing Inc Malden, USA}
}

@book{mayr1999systematics,
  title={Systematics and the origin of species, from the viewpoint of a zoologist},
  author={Mayr, Ernst},
  year={1999},
  publisher={Harvard University Press}
}

@book{mayr2001birds,
  title={The birds of northern Melanesia: speciation, ecology \& biogeography},
  author={Mayr, Ernst and Diamond, Jared M},
  year={2001},
  publisher={Oxford University Press}
}

@article{uy2009plumage,
  title={Plumage and song differences mediate species recognition between incipient flycatcher species of the Solomon Islands},
  author={Uy, J Albert C and Moyle, Robert G and Filardi, Christopher E},
  doi={10.1111/j.1558-5646.2008.00530.x},
  journal={Evolution},
  volume={63},
  number={1},
  pages={153--164},
  year={2009},
  publisher={Blackwell Publishing Inc Malden, USA}
}

@article{cooper2017genomic,
  title={Genomic evidence for convergent evolution of a key trait underlying divergence in island birds},
  author={Cooper, Elizabeth A and Uy, J Albert C},
  doi={10.1111/mec.14116},
  journal={Molecular Ecology},
  volume={26},
  number={14},
  pages={3760--3774},
  year={2017},
  publisher={Wiley Online Library}
}

@article{uy2009difference,
  title={Difference in plumage color used in species recognition between incipient species is linked to a single amino acid substitution in the melanocortin-1 receptor},
  author={Uy, J Albert C and Moyle, Robert G and Filardi, Christopher E and Cheviron, Zachary A},
  doi={10.1086/600084},
  journal={The American Naturalist},
  volume={174},
  number={2},
  pages={244--254},
  year={2009},
  publisher={The University of Chicago Press}
}

@article{uy2013variation,
  title={Variation in the temporal and spatial use of signals and its implications for multimodal communication},
  author={Uy, J Albert C and Safran, Rebecca J},
  doi={10.1007/s00265-013-1492-y},
  journal={Behavioral Ecology and Sociobiology},
  volume={67},
  pages={1499--1511},
  year={2013},
  publisher={Springer}
}

@article{irwin2018sex,
  title={Sex chromosomes and speciation in birds and other ZW systems},
  author={Irwin, Darren E},
  doi={10.1111/mec.14537},
  journal={Molecular Ecology},
  volume={27},
  number={19},
  pages={3831--3851},
  year={2018},
  publisher={Wiley Online Library}
}

@article{rasmussen2014genome,
  title={Genome-wide inference of ancestral recombination graphs},
  author={Rasmussen, Matthew D and Hubisz, Melissa J and Gronau, Ilan and Siepel, Adam},
  doi={10.1371/journal.pgen.1004342},
  journal={PLoS genetics},
  volume={10},
  number={5},
  pages={e1004342},
  year={2014},
  publisher={Public Library of Science San Francisco, USA}
}

@article{hejase2020genomic,
  title={Genomic islands of differentiation in a rapid avian radiation have been driven by recent selective sweeps},
  author={Hejase, Hussein A and Salman-Minkov, Ayelet and Campagna, Leonardo and Hubisz, Melissa J and Lovette, Irby J and Gronau, Ilan and Siepel, Adam},
  doi={10.1073/pnas.2015987117},
  journal={Proceedings of the National Academy of Sciences},
  volume={117},
  number={48},
  pages={30554--30565},
  year={2020},
  publisher={National Acad Sciences}
}

@article{hejase2022deep,
  title={A deep-learning approach for inference of selective sweeps from the ancestral recombination graph},
  author={Hejase, Hussein A and Mo, Ziyi and Campagna, Leonardo and Siepel, Adam},
  doi={10.1093/molbev/msab332},
  journal={Molecular Biology and Evolution},
  volume={39},
  number={1},
  pages={msab332},
  year={2022},
  publisher={Oxford University Press}
}

@article{hoekstra2004ecological,
  title={Ecological genetics of adaptive color polymorphism in pocket mice: geographic variation in selected and neutral genes},
  author={Hoekstra, Hopi E and Drumm, Kristen E and Nachman, Michael W},
  doi={10.1111/j.0014-3820.2004.tb01711.x},
  journal={Evolution},
  volume={58},
  number={6},
  pages={1329--1341},
  year={2004},
  publisher={Wiley Online Library}
}

@article{bersaglieri2004genetic,
  title={Genetic signatures of strong recent positive selection at the lactase gene},
  author={Bersaglieri, Todd and Sabeti, Pardis C and Patterson, Nick and Vanderploeg, Trisha and Schaffner, Steve F and Drake, Jared A and Rhodes, Matthew and Reich, David E and Hirschhorn, Joel N},
  doi={10.1086/421051},
  journal={The American Journal of Human Genetics},
  volume={74},
  number={6},
  pages={1111--1120},
  year={2004},
  publisher={Elsevier}
}

@article{kokko2002sexual,
  title={The sexual selection continuum},
  author={Kokko, Hanna and Brooks, Robert and McNamara, John M and Houston, Alasdair I},
  doi={10.1098/rspb.2002.2020},
  journal={Proceedings of the Royal Society of London. Series B: Biological Sciences},
  volume={269},
  number={1498},
  pages={1331--1340},
  year={2002},
  publisher={The Royal Society}
}

@article{lu1998ligand,
  title={A ligand-mimetic model for constitutive activation of the melanocortin-1 receptor},
  author={Lu, Dongsi and Vage, Dag Inge and Cone, Roger D},
  doi={10.1210/mend.12.4.0091},
  journal={Molecular Endocrinology},
  volume={12},
  number={4},
  pages={592--604},
  year={1998},
  publisher={Oxford University Press}
}

@article{kijas1998melanocortin,
  title={Melanocortin receptor 1 (MC1R) mutations and coat color in pigs},
  author={Kijas, JMH and Wales, R and T{\"o}rnsten, A and Chardon, P and Moller, M and Andersson, L},
  doi={10.1093/genetics/150.3.1177},
  journal={Genetics},
  volume={150},
  number={3},
  pages={1177--1185},
  year={1998},
  publisher={Oxford University Press}
}

@article{vaage1999molecular,
  title={Molecular and pharmacological characterization of dominant black coat color in sheep},
  author={V{\aa}ge, Dag Inge and Klungland, Helge and Lu, Dongsi and Cone, Roger D},
  doi={10.1007/s003359900939},
  journal={Mammalian Genome},
  volume={10},
  number={1},
  pages={39--43},
  year={1999},
  publisher={Springer}
}

@article{hiragaki2008recessive,
  title={Recessive black is allelic to the yellow plumage locus in Japanese quail and associated with a frameshift deletion in the ASIP gene},
  author={Hiragaki, Takahiro and Inoue-Murayama, Miho and Miwa, Mitsuru and Fujiwara, Akira and Mizutani, Makoto and Minvielle, Francis and Ito, Shin'ichi},
  doi={10.1534/genetics.107.077040},
  journal={Genetics},
  volume={178},
  number={2},
  pages={771--775},
  year={2008},
  publisher={Oxford University Press}
}

@article{kingsley2009melanism,
  title={Melanism in Peromyscus is caused by independent mutations in Agouti},
  author={Kingsley, Evan P and Manceau, Marie and Wiley, Christopher D and Hoekstra, Hopi E},
  doi={10.1371/journal.pone.0006435},
  journal={PloS one},
  volume={4},
  number={7},
  pages={e6435},
  year={2009},
  publisher={Public Library of Science San Francisco, USA}
}

@article{ducrest2008pleiotropy,
  title={Pleiotropy in the melanocortin system, coloration and behavioural syndromes},
  author={Ducrest, Anne-Lyse and Keller, Laurent and Roulin, Alexandre},
  doi={10.1016/j.tree.2008.06.001},
  journal={Trends in ecology \& evolution},
  volume={23},
  number={9},
  pages={502--510},
  year={2008},
  publisher={Elsevier}
}

@article{schrider2015soft,
  title={Soft shoulders ahead: spurious signatures of soft and partial selective sweeps result from linked hard sweeps},
  author={Schrider, Daniel R and Mendes, F{\'a}bio K and Hahn, Matthew W and Kern, Andrew D},
  doi={10.1534/genetics.115.174912},
  journal={Genetics},
  volume={200},
  number={1},
  pages={267--284},
  year={2015},
  publisher={Oxford University Press}
}

@article{conte2012probability,
  title={The probability of genetic parallelism and convergence in natural populations},
  author={Conte, Gina L and Arnegard, Matthew E and Peichel, Catherine L and Schluter, Dolph},
  doi={10.1098/rspb.2012.2146},
  journal={Proceedings of the Royal Society B: Biological Sciences},
  volume={279},
  number={1749},
  pages={5039--5047},
  year={2012},
  publisher={The Royal Society}
}

@article{uy2015island,
  title={Island size predicts the frequency of melanic birds in the color-polymorphic flycatcher Monarcha castaneiventris of the Solomon Islands},
  author={Uy, J Albert C and Vargas-Castro, Luis E},
  doi={10.1642/AUK-14-284.1},
  journal={The Auk: Ornithological Advances},
  volume={132},
  number={4},
  pages={787--794},
  year={2015},
  publisher={Oxford University Press}
}

@article{jacquin2011melanin,
  title={Melanin-based coloration is related to parasite intensity and cellular immune response in an urban free living bird: The feral pigeon Columba livia},
  author={Jacquin, Lisa and Lenouvel, P and Haussy, C and Ducatez, S and Gasparini, J},
  doi={10.1111/j.1600-048X.2010.05120.x},
  journal={Journal of Avian Biology},
  volume={42},
  number={1},
  pages={11--15},
  year={2011},
  publisher={Wiley Online Library}
}

@article{marcondes2021rethinking,
  title={Rethinking Glogerâ€™s rule: climate, light environments, and color in a large family of tropical birds (Furnariidae)},
  author={Marcondes, Rafael S and Nations, Jonathan A and Seeholzer, Glenn F and Brumfield, Robb T},
  doi={10.1086/713386},
  journal={The American Naturalist},
  volume={197},
  number={5},
  pages={592--606},
  year={2021},
  publisher={The University of Chicago Press Chicago, IL}
}

@book{price2007speciation,
  title={Speciation in Birds},
  author={Price, Trevor},
  year={2007},
  publisher={Roberts \& Co. Publishers},
  address={Greenwood Village, Colorado}
}

@article{poelstra2014genomic,
  title={The genomic landscape underlying phenotypic integrity in the face of gene flow in crows},
  author={Poelstra, Jelmer W and Vijay, Nagarjun and Bossu, Christen M and Lantz, Henrik and Ryll, Bettina and M{\"u}ller, Inge and Baglione, Vittorio and Unneberg, Per and Wikelski, Martin and Grabherr, Manfred G and others},
  doi={10.1126/science.1253226},
  journal={Science},
  volume={344},
  number={6190},
  pages={1410--1414},
  year={2014},
  publisher={American Association for the Advancement of Science}
}

@article{uy2018behavioral,
  title={Behavioral isolation and incipient speciation in birds},
  author={Uy, J Albert C and Irwin, Darren E and Webster, Michael S},
  doi={10.1146/annurev-ecolsys-110617-062646},
  journal={Annual Review of Ecology, Evolution, and Systematics},
  volume={49},
  pages={1--24},
  year={2018},
  publisher={Annual Reviews}
}

@article{turbek2021rapid,
  title={Rapid speciation via the evolution of pre-mating isolation in the Iber{\'a} Seedeater},
  author={Turbek, Sheela P and Browne, Melanie and Di Giacomo, Adri{\'a}n S and Kopuchian, Cecilia and Hochachka, Wesley M and Estalles, Cecilia and Lijtmaer, Dar{\'\i}o A and Tubaro, Pablo L and Silveira, Lu{\'\i}s F{\'a}bio and Lovette, Irby J and others},
  doi={10.1126/science.abc0256},
  journal={Science},
  volume={371},
  number={6536},
  pages={eabc0256},
  year={2021},
  publisher={American Association for the Advancement of Science}
}

@article{semenov2021asymmetric,
  title={Asymmetric introgression reveals the genetic architecture of a plumage trait},
  author={Semenov, Georgy A and Linck, Ethan and Enbody, Erik D and Harris, Rebecca B and Khaydarov, David R and Alstr{\"o}m, Per and Andersson, Leif and Taylor, Scott A},
  doi={10.1038/s41467-021-21340-y},
  journal={Nature Communications},
  volume={12},
  number={1},
  pages={1019},
  year={2021},
  publisher={Nature Publishing Group UK London}
}

@article{bourgeois2017novel,
  title={A novel locus on chromosome 1 underlies the evolution of a melanic plumage polymorphism in a wild songbird},
  author={Bourgeois, Yann XC and Delahaie, Boris and Gautier, Mathieu and Lhuillier, Emeline and Mal{\'e}, Pierre-Jean G and Bertrand, Joris AM and Cornuault, Josselin and Wakamatsu, Kazumasa and Bouchez, Olivier and Mould, Claire and others},
  doi={10.1098/rsos.160805},
  journal={Royal Society open science},
  volume={4},
  number={2},
  pages={160805},
  year={2017},
  publisher={The Royal Society Publishing}
}

@article{li2009sequence,
  title={The sequence alignment/map format and SAMtools},
  author={Li, Heng and Handsaker, Bob and Wysoker, Alec and Fennell, Tim and Ruan, Jue and Homer, Nils and Marth, Gabor and Abecasis, Goncalo and Durbin, Richard and 1000 Genome Project Data Processing Subgroup},
  doi={10.1093/bioinformatics/btp352},
  journal={bioinformatics},
  volume={25},
  number={16},
  pages={2078--2079},
  year={2009},
  publisher={Oxford University Press}
}

@article{zimin2013masurca,
  title={The MaSuRCA genome assembler},
  author={Zimin, Aleksey V and Mar{\c{c}}ais, Guillaume and Puiu, Daniela and Roberts, Michael and Salzberg, Steven L and Yorke, James A},
  doi={10.1093/bioinformatics/btt476},
  journal={Bioinformatics},
  volume={29},
  number={21},
  pages={2669--2677},
  year={2013},
  publisher={Oxford University Press}
}

@article{gurevich2013quast,
  title={QUAST: quality assessment tool for genome assemblies},
  author={Gurevich, Alexey and Saveliev, Vladislav and Vyahhi, Nikolay and Tesler, Glenn},
  doi={10.1093/bioinformatics/btt086},
  journal={Bioinformatics},
  volume={29},
  number={8},
  pages={1072--1075},
  year={2013},
  publisher={Oxford University Press}
}

@article{simao2015busco,
  title={BUSCO: assessing genome assembly and annotation completeness with single-copy orthologs},
  author={Sim{\~a}o, Felipe A and Waterhouse, Robert M and Ioannidis, Panagiotis and Kriventseva, Evgenia V and Zdobnov, Evgeny M},
  doi={10.1093/bioinformatics/btv351},
  journal={Bioinformatics},
  volume={31},
  number={19},
  pages={3210--3212},
  year={2015},
  publisher={Oxford University Press}
}

@article{grabherr2010genome,
  title={Genome-wide synteny through highly sensitive sequence alignment: Satsuma},
  author={Grabherr, Manfred G and Russell, Pamela and Meyer, Miriah and Mauceli, Evan and Alf{\"o}ldi, Jessica and Di Palma, Federica and Lindblad-Toh, Kerstin},
  doi={10.1093/bioinformatics/btq102},
  journal={Bioinformatics},
  volume={26},
  number={9},
  pages={1145--1151},
  year={2010},
  publisher={Oxford University Press}
}

@article{flynn2020repeatmodeler2,
  title={RepeatModeler2 for automated genomic discovery of transposable element families},
  author={Flynn, Jullien M and Hubley, Robert and Goubert, Cl{\'e}ment and Rosen, Jeb and Clark, Andrew G and Feschotte, C{\'e}dric and Smit, Arian F},
  doi={10.1073/pnas.1921046117},
  journal={Proceedings of the National Academy of Sciences},
  volume={117},
  number={17},
  pages={9451--9457},
  year={2020},
  publisher={National Acad Sciences}
}

@article{cantarel2008maker,
  title={MAKER: an easy-to-use annotation pipeline designed for emerging model organism genomes},
  author={Cantarel, Brandi L and Korf, Ian and Robb, Sofia MC and Parra, Genis and Ross, Eric and Moore, Barry and Holt, Carson and Alvarado, Alejandro S{\'a}nchez and Yandell, Mark},
  doi={10.1101/gr.6743907},
  journal={Genome research},
  volume={18},
  number={1},
  pages={188--196},
  year={2008},
  publisher={Cold Spring Harbor Lab}
}

@article{schubert2016adapterremoval,
  title={AdapterRemoval v2: rapid adapter trimming, identification, and read merging},
  author={Schubert, Mikkel and Lindgreen, Stinus and Orlando, Ludovic},
  doi={10.1186/s13104-016-1900-2},
  journal={BMC research notes},
  volume={9},
  number={1},
  pages={1--7},
  year={2016},
  publisher={BioMed Central}
}

@article{langmead2012fast,
  title={Fast gapped-read alignment with Bowtie 2},
  author={Langmead, Ben and Salzberg, Steven L},
  doi={10.1038/nmeth.1923},
  journal={Nature methods},
  volume={9},
  number={4},
  pages={357--359},
  year={2012},
  publisher={Nature Publishing Group US New York}
}

@book{van2020genomics,
  title={Genomics in the cloud: using Docker, GATK, and WDL in Terra},
  author={Van der Auwera, Geraldine A and O'Connor, Brian D},
  year={2020},
  publisher={O'Reilly Media}
}

@article{garcia2012qualimap,
  title={Qualimap: evaluating next-generation sequencing alignment data},
  author={Garcia-Alcalde, Fernando and Okonechnikov, Konstantin and Carbonell, Jos{\'e} and Cruz, Luis M and G{\"o}tz, Stefan and Tarazona, Sonia and Dopazo, Joaqu{\'\i}n and Meyer, Thomas F and Conesa, Ana},
  doi={10.1093/bioinformatics/bts503},
  journal={Bioinformatics},
  volume={28},
  number={20},
  pages={2678--2679},
  year={2012},
  publisher={Oxford University Press}
}

@article{danecek2011variant,
  title={The variant call format and VCFtools},
  author={Danecek, Petr and Auton, Adam and Abecasis, Goncalo and Albers, Cornelis A and Banks, Eric and DePristo, Mark A and Handsaker, Robert E and Lunter, Gerton and Marth, Gabor T and Sherry, Stephen T and others},
  doi={10.1093/bioinformatics/btr330},
  journal={Bioinformatics},
  volume={27},
  number={15},
  pages={2156--2158},
  year={2011},
  publisher={Oxford University Press}
}

@Manual{r2021r,
 title = {R: A Language and Environment for Statistical Computing},
 author = {{R Core Team}},
 organization = {R Foundation for Statistical Computing},
 address = {Vienna, Austria},
 year = {2021},
 url = {https://www.R-project.org/}
}

@article{zheng2012high,
  title={A high-performance computing toolset for relatedness and principal component analysis of SNP data},
  author={Zheng, Xiuwen and Levine, David and Shen, Jess and Gogarten, Stephanie M and Laurie, Cathy and Weir, Bruce S},
  doi={10.1093/bioinformatics/bts606},
  journal={Bioinformatics},
  volume={28},
  number={24},
  pages={3326--3328},
  year={2012},
  publisher={Oxford University Press}
}

@article{alexander2009fast,
  title={Fast model-based estimation of ancestry in unrelated individuals},
  author={Alexander, David H and Novembre, John and Lange, Kenneth},
  doi={10.1101/gr.094052.109},
  journal={Genome research},
  volume={19},
  number={9},
  pages={1655--1664},
  year={2009},
  publisher={Cold Spring Harbor Lab}
}

@article{purcell2007plink,
  title={PLINK: a tool set for whole-genome association and population-based linkage analyses},
  author={Purcell, Shaun and Neale, Benjamin and Todd-Brown, Kathe and Thomas, Lori and Ferreira, Manuel AR and Bender, David and Maller, Julian and Sklar, Pamela and De Bakker, Paul IW and Daly, Mark J and others},
  doi={10.1086/519795},
  journal={The American journal of human genetics},
  volume={81},
  number={3},
  pages={559--575},
  year={2007},
  publisher={Elsevier}
}

@Book{wickham2016ggplot2,
    author = {Hadley Wickham},
    title = {ggplot2: Elegant Graphics for Data Analysis},
    publisher = {Springer-Verlag New York},
    year = {2016},
    isbn = {978-3-319-24277-4},
    url = {https://ggplot2.tidyverse.org},
}

@article{stamatakis2014raxml,
  title={RAxML version 8: a tool for phylogenetic analysis and post-analysis of large phylogenies},
  author={Stamatakis, Alexandros},
  doi={10.1093/bioinformatics/btu033},
  journal={Bioinformatics},
  volume={30},
  number={9},
  pages={1312--1313},
  year={2014},
  publisher={Oxford University Press}
}

@article{garud2015recent,
  title={Recent selective sweeps in North American Drosophila melanogaster show signatures of soft sweeps},
  author={Garud, Nandita R and Messer, Philipp W and Buzbas, Erkan O and Petrov, Dmitri A},
  doi={10.1371/journal.pgen.1005004},
  journal={PLoS genetics},
  volume={11},
  number={2},
  pages={e1005004},
  year={2015},
  publisher={Public Library of Science San Francisco, CA USA}
}

@article{leigh2015popart,
  title={POPART: full-feature software for haplotype network construction},
  author={Leigh, Jessica W and Bryant, David},
  doi={10.1111/2041-210X.12410},
  journal={Methods in ecology and evolution},
  volume={6},
  number={9},
  pages={1110--1116},
  year={2015}
}

@article{bandelt1999median,
  title={Median-joining networks for inferring intraspecific phylogenies.},
  author={Bandelt, Hans-Jurgen and Forster, Peter and R{\"o}hl, Arne},
  doi={10.1093/oxfordjournals.molbev.a026036},
  journal={Molecular Biology and Evolution},
  volume={16},
  number={1},
  pages={37--48},
  year={1999}
}

@article{hahn2013reconstructing,
  title={Reconstructing mitochondrial genomes directly from genomic next-generation sequencing readsâ€”a baiting and iterative mapping approach},
  author={Hahn, Christoph and Bachmann, Lutz and Chevreux, Bastien},
  doi={10.1093/nar/gkt371},
  journal={Nucleic acids research},
  volume={41},
  number={13},
  pages={e129--e129},
  year={2013},
  publisher={Oxford University Press}
}

@article{kearse2012geneious,
  title={Geneious Basic: an integrated and extendable desktop software platform for the organization and analysis of sequence data},
  author={Kearse, Matthew and Moir, Richard and Wilson, Amy and Stones-Havas, Steven and Cheung, Matthew and Sturrock, Shane and Buxton, Simon and Cooper, Alex and Markowitz, Sidney and Duran, Chris and others},
  doi={10.1093/bioinformatics/bts199},
  journal={Bioinformatics},
  volume={28},
  number={12},
  pages={1647--1649},
  year={2012},
  publisher={Oxford University Press}
}

@article{hebert2003barcoding,
  title={Barcoding animal life: cytochrome c oxidase subunit 1 divergences among closely related species},
  author={Hebert, Paul DN and Ratnasingham, Sujeevan and De Waard, Jeremy R},
  doi={10.1098/rsbl.2003.0025},
  journal={Proceedings of the Royal Society of London. Series B: Biological Sciences},
  volume={270},
  number={suppl\_1},
  pages={S96--S99},
  year={2003},
  publisher={The Royal Society}
}

@article{gronau2011bayesian,
  title={Bayesian inference of ancient human demography from individual genome sequences},
  author={Gronau, Ilan and Hubisz, Melissa J and Gulko, Brad and Danko, Charles G and Siepel, Adam},
  doi={10.1038/ng.937},
  journal={Nature genetics},
  volume={43},
  number={10},
  pages={1031--1034},
  year={2011},
  publisher={Nature Publishing Group US New York}
}

@article{plummer2006coda,
  title={CODA: convergence diagnosis and output analysis for MCMC},
  author={Plummer, Martyn and Best, Nicky and Cowles, Kate and Vines, Karen and others},
  journal={R news},
  volume={6},
  number={1},
  pages={7--11},
  year={2006}
}

@article{smeds2016direct,
  title={Direct estimate of the rate of germline mutation in a bird},
  author={Smeds, Linn{\'e}a and Qvarnstr{\"o}m, Anna and Ellegren, Hans},
  doi={10.1101/gr.204669.116},
  journal={Genome research},
  volume={26},
  number={9},
  pages={1211--1218},
  year={2016},
  publisher={Cold Spring Harbor Lab}
}

@article{zhou2014efficient,
  title={Efficient multivariate linear mixed model algorithms for genome-wide association studies},
  author={Zhou, Xiang and Stephens, Matthew},
  doi={10.1038/nmeth.2848},
  journal={Nature methods},
  volume={11},
  number={4},
  pages={407--409},
  year={2014},
  publisher={Nature Publishing Group US New York}
}

@article{Turner2018qqman, doi = {10.21105/joss.00731}, url = {https://doi.org/10.21105/joss.00731}, year = {2018}, publisher = {The Open Journal}, volume = {3}, number = {25}, pages = {731}, author = {Stephen D. Turner}, title = {qqman: an R package for visualizing GWAS results using Q-Q and manhattan plots}, journal = {Journal of Open Source Software} }

@article{browning2007rapid,
  title={Rapid and accurate haplotype phasing and missing-data inference for whole-genome association studies by use of localized haplotype clustering},
  author={Browning, Sharon R and Browning, Brian L},
  doi={10.1086/521987},
  journal={The American Journal of Human Genetics},
  volume={81},
  number={5},
  pages={1084--1097},
  year={2007},
  publisher={Elsevier}
}

@Manual{oksanen2022vegan,
 title = {vegan: Community Ecology Package},
 author = {Oksanen, Jari},
 year = {2022},
 note = {R package version 2.6-4},
 url = {https://CRAN.R-project.org/package=vegan},
}

@article{revell2012phytools,
  title={phytools: an R package for phylogenetic comparative biology (and other things)},
  author={Revell, Liam J},
  doi={10.1111/j.2041-210X.2011.00169.x},
  journal={Methods in ecology and evolution},
  number={2},
  pages={217--223},
  year={2012},
  publisher={Blackwell Publishing Ltd}
}

@article{kelleher2016efficient,
  title={Efficient coalescent simulation and genealogical analysis for large sample sizes},
  author={Kelleher, Jerome and Etheridge, Alison M and McVean, Gilean},
  doi={10.1371/journal.pcbi.1004842},
  journal={PLoS computational biology},
  volume={12},
  number={5},
  pages={e1004842},
  year={2016},
  publisher={Public Library of Science San Francisco, CA USA}
}

@article{haller2019slim,
  title={SLiM 3: forward genetic simulations beyond the Wright--Fisher model},
  author={Haller, Benjamin C and Messer, Philipp W},
  doi={10.1093/molbev/msy228},
  journal={Molecular biology and evolution},
  volume={36},
  number={3},
  pages={632--637},
  year={2019},
  publisher={Oxford University Press}
}

@article{haller2019tree,
  title={Tree-sequence recording in SLiM opens new horizons for forward-time simulation of whole genomes},
  author={Haller, Benjamin C and Galloway, Jared and Kelleher, Jerome and Messer, Philipp W and Ralph, Peter L},
  doi={10.1111/1755-0998.12968},
  journal={Molecular ecology resources},
  volume={19},
  number={2},
  pages={552--566},
  year={2019},
  publisher={Wiley Online Library}
}

@InProceedings{gal2016dropout,
  title = 	 {Dropout as a Bayesian Approximation: Representing Model Uncertainty in Deep Learning},
  author = 	 {Gal, Yarin and Ghahramani, Zoubin},
  booktitle = 	 {Proceedings of The 33rd International Conference on Machine Learning},
  pages = 	 {1050--1059},
  year = 	 {2016},
  editor = 	 {Balcan, Maria Florina and Weinberger, Kilian Q.},
  volume = 	 {48},
  series = 	 {Proceedings of Machine Learning Research},
  address = 	 {New York, New York, USA},
  month = 	 {20--22 Jun},
  publisher =    {PMLR},
  pdf = 	 {http://proceedings.mlr.press/v48/gal16.pdf},
  url = 	 {https://proceedings.mlr.press/v48/gal16.html}
}
